@article{Davidson-2016-126540,
author = {Joseph Davidson and Abhisesh Silwal and Manoj Karkee and Changki Mo and Qin Zhang},
title = {Hand-picking dynamic analysis for undersensed robotic apple harvesting},
journal = {Transactions of the ASABE},
year = {2016},
month = {July},
volume = {59},
number = {4},
pages = {745 - 758},
}