@book{Mordern_Robotic,
  title={Modern Robotics: Mechanics, Planning, and Control},
  author={ Kevin M. Lynch and Frank C. Park},
  isbn={9781107156302},
  year={2017},
  publisher={Cambridge University Press},
  keywords = {Robotics,Control,Kinematics}
}