@online{Dynamixel,
    author    = "Robotis",
    title     = "Dynamixel Documentation",
    url       = "https://emanual.robotis.com/",
    addendum = "(accessed: 01.06.2021)",
    keywords  = "Servomotor,ROS"
}

@online{ROS,
    author    = "Open Robotics",
    title     = "ROS Documentation",
    url       = "http://wiki.ros.org/",
    keywords  = "ROS"
}

@online{Onshape,
    author    = "Thought Industries.",
    title     = "Onshape Learning Center",
    url       = "https://learn.onshape.com/",
    keywords  = "Design,Onshape"
}

@online{Matlab,
    author    = " MathWorks",
    title     = "Matlab and Simulink tutorial",
    url       = "https://www.mathworks.com/support/learn-with-matlab-tutorials.html",
    keywords  = "Matlab,Simulink"
}

@online{MatlabROS,
    author    = " MathWorks",
    title     = "Matlab and Simulink tutorial",
    url       = "https://in.mathworks.com/help/ros/ug/get-started-with-ros.html",
    keywords  = "Matlab,Simulink,ROS"
}

@online{AppleLack,
    author    = "FranceInfo",
    title     = "Cueillette de pommes : les saisonniers manquent Ã  l'appel",
    url       = "https://www.francetvinfo.fr/economie/emploi/metiers/agriculture/cueillette-de-pommes-les-saisonniers-manquent-a-l-appel_2349153.html",
    addendum = "(accessed: 05.10.2020)",
    keywords  = "Apple,Worker"
}

@online{FFRobotics,
    author    = "FFRobotics",
    title     = "FFRobotics",
    url       = "https://www.ffrobotics.com/",
    keywords  = "FFRobotics,Robot"
}

@online{Abundant,
    author    = "Abundant Robotics",
    title     = "Abundant Robitics",
    url       = "https://waxinvest.com/projects/abundant-robots/",
    keywords  = "Abundant,Robot"
}